[gd_scene load_steps=5 format=2]

[ext_resource path="res://square.tscn" type="PackedScene" id=1]
[ext_resource path="res://main.gd" type="Script" id=2]
[ext_resource path="res://assets/fonts/PlayfairDisplay-Black.ttf" type="DynamicFontData" id=3]

[sub_resource type="DynamicFont" id=1]
size = 48
outline_size = 1
outline_color = Color( 0, 0, 0, 1 )
font_data = ExtResource( 3 )

[node name="main" type="Control"]
anchor_right = 1.0
anchor_bottom = 1.0
script = ExtResource( 2 )
__meta__ = {
"_edit_use_anchors_": false
}

[node name="GridContainer" type="GridContainer" parent="."]
anchor_right = 1.0
anchor_bottom = 1.0
columns = 3
__meta__ = {
"_edit_use_anchors_": false
}

[node name="Button" parent="GridContainer" instance=ExtResource( 1 )]
anchor_right = 0.0
anchor_bottom = 0.0
margin_right = 168.0
margin_bottom = 168.0
size_flags_horizontal = 3
size_flags_vertical = 3

[node name="Button2" parent="GridContainer" instance=ExtResource( 1 )]
anchor_right = 0.0
anchor_bottom = 0.0
margin_left = 172.0
margin_right = 340.0
margin_bottom = 168.0
size_flags_horizontal = 3
size_flags_vertical = 3

[node name="Button3" parent="GridContainer" instance=ExtResource( 1 )]
anchor_right = 0.0
anchor_bottom = 0.0
margin_left = 344.0
margin_right = 512.0
margin_bottom = 168.0
size_flags_horizontal = 3
size_flags_vertical = 3

[node name="Button4" parent="GridContainer" instance=ExtResource( 1 )]
anchor_right = 0.0
anchor_bottom = 0.0
margin_top = 172.0
margin_right = 168.0
margin_bottom = 340.0
size_flags_horizontal = 3
size_flags_vertical = 3

[node name="Button5" parent="GridContainer" instance=ExtResource( 1 )]
anchor_right = 0.0
anchor_bottom = 0.0
margin_left = 172.0
margin_top = 172.0
margin_right = 340.0
margin_bottom = 340.0
size_flags_horizontal = 3
size_flags_vertical = 3

[node name="Button6" parent="GridContainer" instance=ExtResource( 1 )]
anchor_right = 0.0
anchor_bottom = 0.0
margin_left = 344.0
margin_top = 172.0
margin_right = 512.0
margin_bottom = 340.0
size_flags_horizontal = 3
size_flags_vertical = 3

[node name="Button7" parent="GridContainer" instance=ExtResource( 1 )]
anchor_right = 0.0
anchor_bottom = 0.0
margin_top = 344.0
margin_right = 168.0
margin_bottom = 512.0
size_flags_horizontal = 3
size_flags_vertical = 3

[node name="Button8" parent="GridContainer" instance=ExtResource( 1 )]
anchor_right = 0.0
anchor_bottom = 0.0
margin_left = 172.0
margin_top = 344.0
margin_right = 340.0
margin_bottom = 512.0
size_flags_horizontal = 3
size_flags_vertical = 3

[node name="Button9" parent="GridContainer" instance=ExtResource( 1 )]
anchor_right = 0.0
anchor_bottom = 0.0
margin_left = 344.0
margin_top = 344.0
margin_right = 512.0
margin_bottom = 512.0
size_flags_horizontal = 3
size_flags_vertical = 3

[node name="Label" type="Label" parent="." groups=[
"msgs",
]]
visible = false
anchor_right = 1.0
anchor_bottom = 1.0
custom_fonts/font = SubResource( 1 )
text = "WINNER!"
align = 1
valign = 1
